@misc{simulate-non-determinisim,
 author = {Jack Diligent},
 year = {2020},
 title = {How to Simulate Non-Deterministic Turing Machines on a Deterministic Turing Machine},
 url = {https://www.youtube.com/watch?v=u0t7zJi8Fno},
 urldate = {2022-02-15}
}
